@inproceedings{james2000fast,
  title={Fast and Cheap Color Image Segmentation for Interactive Robots},
  author={James, Bruce and Manuela, Veloso},
  booktitle={IROS},
  year={2000}
}